<?xml version="1.0" encoding="UTF-8"?><record xmlns="http://www.loc.gov/MARC21/slim" xmlns:cinclude="http://apache.org/cocoon/include/1.0" xmlns:zs="http://www.loc.gov/zing/srw/">
  <leader>00538nz  a2200121n  4500</leader>
  <controlfield tag="001">n 2001110457</controlfield>
  <controlfield tag="003">DLC</controlfield>
  <controlfield tag="005">20011207133602.0</controlfield>
  <controlfield tag="008">011207n| acannaabn          |n ana      </controlfield>
  <datafield tag="010" ind1=" " ind2=" ">
    <subfield code="a">n 2001110457</subfield>
  </datafield>
  <datafield tag="040" ind1=" " ind2=" ">
    <subfield code="a">DLC</subfield>
    <subfield code="b">eng</subfield>
    <subfield code="c">DLC</subfield>
  </datafield>
  <datafield tag="110" ind1="1" ind2=" ">
    <subfield code="a">Peru.</subfield>
    <subfield code="b">Superintendencia Nacional de Administración Tributaria.</subfield>
    <subfield code="b">Gerencia de Comunicaciones y Relaciones Públicas</subfield>
  </datafield>
  <datafield tag="670" ind1=" " ind2=" ">
    <subfield code="a">Cuadernos SUNAT. Investigaciones ; cuaderno no. 2. Ruiz Pérez, J.M.. Perú--gastos tributarios 2000, 2001:</subfield>
    <subfield code="b">t.p. (Gerencia de Comunicaciones y Relaciones Públicas de la SUNAT)</subfield>
  </datafield>
</record>